% This file was created with JabRef 2.8.1.
% Encoding: UTF8

@BOOK{DragonBook,
  title = {Compilers: Principles, Techniques, and Tools (2nd Edition)},
  publisher = {Addison-Wesley Longman Publishing Co., Inc.},
  year = {2006},
  author = {Aho, Alfred V. and Lam, Monica S. and Sethi, Ravi and Ullman, Jeffrey
	D.},
  address = {Boston, MA, USA},
  isbn = {0321486811}
}

@TECHREPORT{MofCfg,
  author = {Marcus Alanen and Ivan Porres and Turku Centre and Computer Science},
  title = {A Relation Between Context-Free Grammars and Meta Object Facility
	Metamodels},
  year = {2003}
}

@INPROCEEDINGS{BNF,
  author = {John W. Backus},
  title = {The syntax and semantics of the proposed international algebraic
	language of the Zurich ACM-GAMM Conference},
  booktitle = {IFIP Congress},
  year = {1959},
  pages = {125-131},
  bibsource = {DBLP, http://dblp.uni-trier.de}
}

@BOOK{ParserBook,
  title = {Parsing Techniques: A Practical Guide},
  publisher = {Springer Publishing Company, Incorporated},
  year = {2010},
  author = {Grune, Dick},
  edition = {2nd},
  isbn = {1441919015, 9781441919014}
}

@BOOK{ANTLR,
  title = {The Definitive ANTLR Reference: Building Domain-Specific Languages},
  publisher = {Pragmatic Bookshelf},
  year = {2007},
  author = {Parr, Terence},
  series = {Pragmatic Programmers},
  edition = {First},
  month = May,
  added-at = {2008-07-06T17:28:08.000+0200},
  asin = {0978739256},
  biburl = {http://www.bibsonomy.org/bibtex/21688029f4c14bd3b234933a48e902c03/gron},
  description = {Amazon.com: The Definitive ANTLR Reference: Building Domain-Specific
	Languages (Pragmatic Programmers): Terence Parr: Books},
  dewey = {005.45},
  ean = {9780978739256},
  interhash = {d9ef4ed82183b86b6a3004161de5ea44},
  intrahash = {1688029f4c14bd3b234933a48e902c03},
  isbn = {0978739256},
  keywords = {Me:MastersThesis antlr compilers languages lexers parsers programming},
  timestamp = {2008-07-06T17:28:08.000+0200},
  url = {http://www.amazon.com/Definitive-ANTLR-Reference-Domain-Specific-Programmers/dp/0978739256%3FSubscriptionId%3D13CT5CVB80YFWJEPWS02%26tag%3Dws%26linkCode%3Dxm2%26camp%3D2025%26creative%3D165953%26creativeASIN%3D0978739256}
}

@BOOK{EMF2nd,
  title = {EMF: Eclipse Modeling Framework 2.0},
  publisher = {Addison-Wesley Professional},
  year = {2009},
  author = {Steinberg, David and Budinsky, Frank and Paternostro, Marcelo and
	Merks, Ed},
  edition = {2nd},
  isbn = {0321331885}
}

@BOOK{Unicode,
  title = {The Unicode Standard Version 6.1 â€“ Core Specification},
  publisher = {The Unicode Consortium},
  year = {2012},
  editor = {Julie D. Allen, Deborah Anderson, Joe Becker, Richard Cook, Mark
	Davis, Peter Edberg, Michael Everson, Asmus Freytag, John H. Jenkins,
	Rick McGowan, Lisa Moore, Eric Muller, Addison Phillips, Michel Suignard,
	Ken Whistler},
  isbn = {978-1-936213-02-3}
}

@MANUAL{EMFDoc,
  title = {Eclipse Modeling Framework Runtime and Tools - Eclipse Help},
  edition = {Version: 2.8.0.v20120608-0554},
  owner = {qn},
  timestamp = {2012.08.25}
}

@MANUAL{EMFTextMan,
  title = {EMF Text USER GUIDE},
  month = {June 1},
  year = {2012},
  url = {http://svn-st.inf.tu-dresden.de/svn/reuseware/tags/current_release/EMFText/org.emftext.doc/pdf/EMFTextGuide.pdf}
}

@MANUAL{XTextAPI,
  title = {XText 2.3 JavaDoc},
  year = {2012},
  url = {http://download.eclipse.org/modeling/tmf/xtext/javadoc/2.3/}
}

@MANUAL{XTextMan,
  title = {Xtext 2.3 Documentation},
  month = {June 28},
  year = {2012},
  url = {http://www.eclipse.org/Xtext//documentation/2.3.0/Documentation.pdf}
}

@book{MDSD,
  title={Modellgetriebene Softwareentwicklung},
  author={Stahl, T. and V{\"o}lter, M.},
  isbn={9783898643108},
  url={http://books.google.de/books?id=MKb6AAAACAAJ},
  year={2005},
  publisher={dpunkt-Verl.}
}